<?xml version="1.0" encoding="UTF-8"?>
<!DOCTYPE html PUBLIC "-//W3C//DTD XHTML 1.0 Transitional//EN"
    "http://www.w3.org/TR/xhtml1/DTD/xhtml1-transitional.dtd">
<html xmlns="http://www.w3.org/1999/xhtml" xml:lang="en" lang="en">
 <head>
  <title>
</title>
<meta http-equiv="Content-Type" content="text/html;charset=utf-8" />
  <meta name='ocr-system' content='tesseract 3.04.00' />
  <meta name='ocr-capabilities' content='ocr_page ocr_carea ocr_par ocr_line ocrx_word'/>
</head>
<body>
  <div class='ocr_page' id='page_1' title='image "./thesaurusnummor00brengoog_0256.png"; bbox 0 0 4226 5336; ppageno 0'>
   <div class='ocr_carea' id='block_1_1' title="bbox 545 523 1697 750">
    <p class='ocr_par' dir='ltr' id='par_1_1' title="bbox 545 523 1697 750">
     <span class='ocr_line' id='line_1_1' title="bbox 545 523 1697 750; baseline -0.049 -64"><span class='ocrx_word' id='word_1_1' title='bbox 545 579 780 716; x_wconf 68' lang='lat' dir='ltr'>dlesaurus</span> <span class='ocrx_word' id='word_1_2' title='bbox 812 579 1012 682; x_wconf 75' lang='lat' dir='ltr'>Nurum..</span> <span class='ocrx_word' id='word_1_3' title='bbox 1027 523 1328 710; x_wconf 50' lang='lat' dir='ltr'>-sveoseoffi</span> <span class='ocrx_word' id='word_1_4' title='bbox 1532 597 1697 750; x_wconf 44' lang='lat' dir='ltr'><strong><em>A</em></strong></span> 
     </span>
    </p>
   </div>
   <div class='ocr_carea' id='block_1_2' title="bbox 184 725 1144 759">
    <p class='ocr_par' dir='ltr' id='par_1_2' title="bbox 184 725 1144 759">
     <span class='ocr_line' id='line_1_2' title="bbox 184 725 1144 759; baseline -0.006 -5"><span class='ocrx_word' id='word_1_5' title='bbox 184 725 1144 759; x_wconf 49' lang='lat' dir='ltr'>*mmm-*hunu-</span> 
     </span>
    </p>
   </div>
   <div class='ocr_carea' id='block_1_3' title="bbox 125 767 1875 3954">
    <p class='ocr_par' dir='ltr' id='par_1_3' title="bbox 125 767 1875 3954">
     <span class='ocr_line' id='line_1_3' title="bbox 186 767 1699 881; baseline -0.004 -15"><span class='ocrx_word' id='word_1_6' title='bbox 186 780 269 876; x_wconf 86' lang='lat' dir='ltr'>hoc</span> <span class='ocrx_word' id='word_1_7' title='bbox 292 777 496 866; x_wconf 79' lang='lat' dir='ltr'>numisma</span> <span class='ocrx_word' id='word_1_8' title='bbox 519 775 736 874; x_wconf 80' lang='lat' dir='ltr'>recensuit,</span> <span class='ocrx_word' id='word_1_9' title='bbox 759 774 994 860; x_wconf 87' lang='lat' dir='ltr'>sententiam</span> <span class='ocrx_word' id='word_1_10' title='bbox 1018 767 1330 881; x_wconf 62' lang='lat' dir='ltr'>subjungimur</span> <span class='ocrx_word' id='word_1_11' title='bbox 1352 768 1539 856; x_wconf 80' lang='lat' dir='ltr'><strong>accedere</strong></span> <span class='ocrx_word' id='word_1_12' title='bbox 1563 772 1699 860; x_wconf 85' lang='lat' dir='ltr'>neuti-</span> 
     </span>
     <span class='ocr_line' id='line_1_4' title="bbox 179 875 1700 1020; baseline -0.007 -46"><span class='ocrx_word' id='word_1_13' title='bbox 179 894 344 1020; x_wconf 79' lang='lat' dir='ltr'>-tiquam</span> <span class='ocrx_word' id='word_1_14' title='bbox 362 881 520 1000; x_wconf 83' lang='lat' dir='ltr'>poffim.</span> <span class='ocrx_word' id='word_1_15' title='bbox 576 887 773 972; x_wconf 78' lang='lat' dir='ltr'><strong>Rationes</strong></span> <span class='ocrx_word' id='word_1_16' title='bbox 788 909 879 998; x_wconf 82' lang='lat' dir='ltr'>quae</span> <span class='ocrx_word' id='word_1_17' title='bbox 897 905 975 997; x_wconf 87' lang='lat' dir='ltr'>pro</span> <span class='ocrx_word' id='word_1_18' title='bbox 990 905 1060 966; x_wconf 84' lang='lat' dir='ltr'>me</span> <span class='ocrx_word' id='word_1_19' title='bbox 1073 879 1271 980; x_wconf 86' lang='lat' dir='ltr'>militant,</span> <span class='ocrx_word' id='word_1_20' title='bbox 1299 875 1423 967; x_wconf 44' lang='lat' dir='ltr'>wOrbis</span> <span class='ocrx_word' id='word_1_21' title='bbox 1448 877 1593 966; x_wconf 84' lang='lat' dir='ltr'>literati</span> <span class='ocrx_word' id='word_1_22' title='bbox 1607 875 1700 964; x_wconf 78' lang='lat' dir='ltr'>sub·-¹</span> 
     </span>
     <span class='ocr_line' id='line_1_5' title="bbox 142 985 1875 1100; baseline -0.012 -16"><span class='ocrx_word' id='word_1_23' title='bbox 142 1057 147 1064; x_wconf 87' lang='lat'><em>-</em></span> <span class='ocrx_word' id='word_1_24' title='bbox 183 998 321 1095; x_wconf 68' lang='lat' dir='ltr'>imam</span> <span class='ocrx_word' id='word_1_25' title='bbox 352 993 556 1088; x_wconf 83' lang='lat' dir='ltr'>examinlt</span> <span class='ocrx_word' id='word_1_26' title='bbox 583 988 626 1082; x_wconf 88' lang='lat' dir='ltr'>ld</span> <span class='ocrx_word' id='word_1_27' title='bbox 651 991 757 1082; x_wconf 82' lang='lat' dir='ltr'>Viro</span> <span class='ocrx_word' id='word_1_28' title='bbox 776 987 1045 1079; x_wconf 75' lang='lat' dir='ltr'>eruditissimo</span> <span class='ocrx_word' id='word_1_29' title='bbox 1061 985 1168 1084; x_wconf 79' lang='lat' dir='ltr'>ltaud</span> <span class='ocrx_word' id='word_1_30' title='bbox 1189 987 1542 1100; x_wconf 77' lang='lat' dir='ltr'>loteingratums</span> <span class='ocrx_word' id='word_1_31' title='bbox 1561 1011 1698 1086; x_wconf 82' lang='lat' dir='ltr'>arans,</span> <span class='ocrx_word' id='word_1_32' title='bbox 1783 1043 1790 1057; x_wconf 73' lang='lat'>,</span> <span class='ocrx_word' id='word_1_33' title='bbox 1859 1035 1875 1064; x_wconf 68' lang='lat'><strong>.</strong></span> 
     </span>
     <span class='ocr_line' id='line_1_6' title="bbox 181 1016 1698 1223; baseline -0.007 -31"><span class='ocrx_word' id='word_1_34' title='bbox 181 1105 407 1223; x_wconf 74' lang='lat' dir='ltr'>presertim</span> <span class='ocrx_word' id='word_1_35' title='bbox 444 1107 540 1216; x_wconf 88' lang='lat' dir='ltr'>quia</span> <span class='ocrx_word' id='word_1_36' title='bbox 585 1125 662 1218; x_wconf 88' lang='lat' dir='ltr'>pro</span> <span class='ocrx_word' id='word_1_37' title='bbox 699 1099 766 1190; x_wconf 80' lang='lat' dir='ltr'>sud</span> <span class='ocrx_word' id='word_1_38' title='bbox 784 1182 789 1190; x_wconf 86' lang='lat'>.</span> <span class='ocrx_word' id='word_1_39' title='bbox 810 1097 1004 1213; x_wconf 76' lang='lat' dir='ltr'>singulari</span> <span class='ocrx_word' id='word_1_40' title='bbox 1039 1093 1262 1198; x_wconf 81' lang='lat' dir='ltr'>modelllal&#39;,</span> <span class='ocrx_word' id='word_1_41' title='bbox 1290 1101 1334 1182; x_wconf 92' lang='lat' dir='ltr'>in</span> <span class='ocrx_word' id='word_1_42' title='bbox 1369 1093 1506 1184; x_wconf 85' lang='lat' dir='ltr'>fronto</span> <span class='ocrx_word' id='word_1_43' title='bbox 1531 1016 1698 1219; x_wconf 67' lang='lat' dir='ltr'>luorum</span> 
     </span>
     <span class='ocr_line' id='line_1_7' title="bbox 177 1201 1810 1326; baseline -0.009 -21"><span class='ocrx_word' id='word_1_44' title='bbox 177 1215 490 1326; x_wconf 79' lang='lat' dir='ltr'>‚colloquiorum</span> <span class='ocrx_word' id='word_1_45' title='bbox 517 1210 623 1301; x_wconf 87' lang='lat' dir='ltr'>hanc</span> <span class='ocrx_word' id='word_1_46' title='bbox 645 1214 774 1325; x_wconf 24' lang='lat' dir='ltr'>&#39;ponit</span> <span class='ocrx_word' id='word_1_47' title='bbox 800 1206 1043 1298; x_wconf 83' lang='lat' dir='ltr'>formulam:</span> <span class='ocrx_word' id='word_1_48' title='bbox 1073 1207 1162 1296; x_wconf 77' lang='lat' dir='ltr'>Sine</span> <span class='ocrx_word' id='word_1_49' title='bbox 1192 1201 1359 1322; x_wconf 72' lang='lat' dir='ltr'>confierd.</span> <span class='ocrx_word' id='word_1_50' title='bbox 1377 1203 1440 1308; x_wconf 61' lang='lat' dir='ltr'>(r</span> <span class='ocrx_word' id='word_1_51' title='bbox 1459 1201 1699 1322; x_wconf 72' lang='lat' dir='ltr'>approbatio·</span> <span class='ocrx_word' id='word_1_52' title='bbox 1807 1237 1810 1243; x_wconf 87' lang='lat'>·</span> 
     </span>
     <span class='ocr_line' id='line_1_8' title="bbox 181 1313 1699 1434; baseline -0.006 -23"><span class='ocrx_word' id='word_1_53' title='bbox 181 1351 248 1412; x_wconf 72' lang='lat' dir='ltr'>na</span> <span class='ocrx_word' id='word_1_54' title='bbox 272 1321 463 1410; x_wconf 69' lang='lat' dir='ltr'>Audieris.</span> <span class='ocrx_word' id='word_1_55' title='bbox 485 1363 490 1374; x_wconf 94' lang='lat'><em>·</em></span> <span class='ocrx_word' id='word_1_56' title='bbox 516 1324 611 1434; x_wconf 84' lang='lat' dir='ltr'>Ego</span> <span class='ocrx_word' id='word_1_57' title='bbox 636 1317 825 1432; x_wconf 87' lang='lat' dir='ltr'>quidem,</span> <span class='ocrx_word' id='word_1_58' title='bbox 850 1321 924 1432; x_wconf 86' lang='lat' dir='ltr'>qui</span> <span class='ocrx_word' id='word_1_59' title='bbox 950 1313 1003 1405; x_wconf 90' lang='lat' dir='ltr'>ad</span> <span class='ocrx_word' id='word_1_60' title='bbox 1030 1320 1090 1406; x_wconf 83' lang='lat' dir='ltr'>rei</span> <span class='ocrx_word' id='word_1_61' title='bbox 1115 1321 1379 1418; x_wconf 83' lang='lat' dir='ltr'>nummariae,</span> <span class='ocrx_word' id='word_1_62' title='bbox 1407 1321 1599 1432; x_wconf 81' lang='lat' dir='ltr'>inprimis</span> <span class='ocrx_word' id='word_1_63' title='bbox 1625 1341 1699 1432; x_wconf 83' lang='lat' dir='ltr'>pa·</span> 
     </span>
     <span class='ocr_line' id='line_1_9' title="bbox 181 1416 1699 1563; baseline -0.008 -42"><span class='ocrx_word' id='word_1_64' title='bbox 181 1439 297 1535; x_wconf 70' lang='lat' dir='ltr'>trie,</span> <span class='ocrx_word' id='word_1_65' title='bbox 324 1429 500 1521; x_wconf 76' lang='lat' dir='ltr'>studium</span> <span class='ocrx_word' id='word_1_66' title='bbox 530 1453 602 1563; x_wconf 78' lang='lat' dir='ltr'>per</span> <span class='ocrx_word' id='word_1_67' title='bbox 628 1430 926 1542; x_wconf 86' lang='lat' dir='ltr'>quinquaginta</span> <span class='ocrx_word' id='word_1_68' title='bbox 951 1425 1113 1514; x_wconf 78' lang='lat' dir='ltr'>circiter</span> <span class='ocrx_word' id='word_1_69' title='bbox 1138 1448 1270 1514; x_wconf 88' lang='lat' dir='ltr'>annos</span> <span class='ocrx_word' id='word_1_70' title='bbox 1299 1427 1491 1516; x_wconf 83' lang='lat' dir='ltr'>animum</span> <span class='ocrx_word' id='word_1_71' title='bbox 1509 1416 1699 1534; x_wconf 86' lang='lat' dir='ltr'>adjunxi,</span> 
     </span>
     <span class='ocr_line' id='line_1_10' title="bbox 179 1531 1688 1651; baseline -0.009 -20"><span class='ocrx_word' id='word_1_72' title='bbox 179 1539 347 1644; x_wconf 73' lang='lat' dir='ltr'>fatebor</span> <span class='ocrx_word' id='word_1_73' title='bbox 377 1543 388 1568; x_wconf 74' lang='lat'><strong><em>⁹</em></strong></span> <span class='ocrx_word' id='word_1_74' title='bbox 448 1565 583 1644; x_wconf 86' lang='lat' dir='ltr'>enue,</span> <span class='ocrx_word' id='word_1_75' title='bbox 611 1561 681 1628; x_wconf 89' lang='lat' dir='ltr'>me</span> <span class='ocrx_word' id='word_1_76' title='bbox 707 1561 919 1651; x_wconf 86' lang='lat' dir='ltr'>uunquam</span> <span class='ocrx_word' id='word_1_77' title='bbox 948 1531 1062 1635; x_wconf 88' lang='lat' dir='ltr'>hoc,-</span> <span class='ocrx_word' id='word_1_78' title='bbox 1093 1531 1262 1646; x_wconf 84' lang='lat' dir='ltr'>dequo</span> <span class='ocrx_word' id='word_1_79' title='bbox 1299 1539 1468 1648; x_wconf 86' lang='lat' dir='ltr'>agitur,</span> <span class='ocrx_word' id='word_1_80' title='bbox 1493 1533 1637 1621; x_wconf 85' lang='lat' dir='ltr'>numis</span> <span class='ocrx_word' id='word_1_81' title='bbox 1682 1625 1688 1634; x_wconf 60' lang='grc'>,</span> 
     </span>
     <span class='ocr_line' id='line_1_11' title="bbox 181 1561 1699 1764; baseline -0.007 -23"><span class='ocrx_word' id='word_1_82' title='bbox 181 1561 630 1764; x_wconf 54' lang='lat' dir='ltr'>tidinaalncffietypon,</span> <span class='ocrx_word' id='word_1_83' title='bbox 663 1671 740 1732; x_wconf 86' lang='lat' dir='ltr'>nee</span> <span class='ocrx_word' id='word_1_84' title='bbox 764 1668 951 1756; x_wconf 83' lang='lat' dir='ltr'>unquam</span> <span class='ocrx_word' id='word_1_85' title='bbox 975 1639 1025 1758; x_wconf 87' lang='lat' dir='ltr'>de</span> <span class='ocrx_word' id='word_1_86' title='bbox 1060 1641 1263 1756; x_wconf 71' lang='lat' dir='ltr'>illmqnid</span> <span class='ocrx_word' id='word_1_87' title='bbox 1278 1717 1281 1720; x_wconf 93' lang='lat'>.</span> <span class='ocrx_word' id='word_1_88' title='bbox 1297 1639 1558 1745; x_wconf 81' lang='lat' dir='ltr'>inaudivisse,</span> <span class='ocrx_word' id='word_1_89' title='bbox 1585 1660 1699 1732; x_wconf 86' lang='lat' dir='ltr'>ante·</span> 
     </span>
     <span class='ocr_line' id='line_1_12' title="bbox 212 1747 1700 1866; baseline -0.007 -18"><span class='ocrx_word' id='word_1_90' title='bbox 212 1783 318 1850; x_wconf 88' lang='lat' dir='ltr'>uam</span> <span class='ocrx_word' id='word_1_91' title='bbox 342 1757 393 1843; x_wconf 89' lang='lat' dir='ltr'>ab</span> <span class='ocrx_word' id='word_1_92' title='bbox 420 1753 583 1844; x_wconf 79' lang='lat' dir='ltr'>adveni·</span> <span class='ocrx_word' id='word_1_93' title='bbox 603 1759 837 1854; x_wconf 89' lang='lat' dir='ltr'>Germano,</span> <span class='ocrx_word' id='word_1_94' title='bbox 867 1754 972 1840; x_wconf 90' lang='lat' dir='ltr'>Viro</span> <span class='ocrx_word' id='word_1_95' title='bbox 987 1749 1108 1846; x_wconf 74' lang='lat' dir='ltr'>baud</span> <span class='ocrx_word' id='word_1_96' title='bbox 1124 1753 1349 1858; x_wconf 73' lang='lat' dir='ltr'>incurioso,</span> <span class='ocrx_word' id='word_1_97' title='bbox 1375 1758 1421 1840; x_wconf 89' lang='lat' dir='ltr'>in</span> <span class='ocrx_word' id='word_1_98' title='bbox 1444 1777 1560 1859; x_wconf 88' lang='lat' dir='ltr'>meo,</span> <span class='ocrx_word' id='word_1_99' title='bbox 1585 1747 1700 1866; x_wconf 87' lang='lat' dir='ltr'>quod</span> 
     </span>
     <span class='ocr_line' id='line_1_13' title="bbox 125 1858 1697 1986; baseline -0.005 -30"><span class='ocrx_word' id='word_1_100' title='bbox 125 1927 128 1940; x_wconf 86' lang='lat'><em>·</em></span> <span class='ocrx_word' id='word_1_101' title='bbox 182 1864 448 1986; x_wconf 78' lang='lat' dir='ltr'>inspiciebat,</span> <span class='ocrx_word' id='word_1_102' title='bbox 485 1862 870 1979; x_wconf 81' lang='lat' dir='ltr'>Nummoph&#39;ylacio</span> <span class='ocrx_word' id='word_1_103' title='bbox 906 1859 1204 1955; x_wconf 75' lang='lat' dir='ltr'>desideraretur.</span> <span class='ocrx_word' id='word_1_104' title='bbox 1261 1859 1360 1952; x_wconf 78' lang='lat' dir='ltr'>lnda</span> <span class='ocrx_word' id='word_1_105' title='bbox 1400 1865 1552 1980; x_wconf 86' lang='lat' dir='ltr'>quippe</span> <span class='ocrx_word' id='word_1_106' title='bbox 1589 1858 1697 1949; x_wconf 79' lang='lat' dir='ltr'>milri</span> 
     </span>
     <span class='ocr_line' id='line_1_14' title="bbox 182 1969 1702 2102; baseline -0.007 -36"><span class='ocrx_word' id='word_1_107' title='bbox 182 1983 291 2068; x_wconf 88' lang='lat' dir='ltr'>nata&#39;</span> <span class='ocrx_word' id='word_1_108' title='bbox 312 1975 469 2064; x_wconf 71' lang='lat' dir='ltr'>occasio</span> <span class='ocrx_word' id='word_1_109' title='bbox 500 1972 552 2060; x_wconf 90' lang='lat' dir='ltr'>de</span> <span class='ocrx_word' id='word_1_110' title='bbox 577 1973 649 2061; x_wconf 90' lang='lat' dir='ltr'>illo</span> <span class='ocrx_word' id='word_1_111' title='bbox 687 1969 872 2102; x_wconf 79' lang='lat' dir='ltr'>primdm</span> <span class='ocrx_word' id='word_1_112' title='bbox 900 1969 1158 2082; x_wconf 86' lang='lat' dir='ltr'>inquirendi,</span> <span class='ocrx_word' id='word_1_113' title='bbox 1186 1975 1478 2087; x_wconf 89' lang='lat' dir='ltr'>neminemque</span> <span class='ocrx_word' id='word_1_114' title='bbox 1515 1970 1580 2068; x_wconf 76' lang='lat' dir='ltr'>val</span> <span class='ocrx_word' id='word_1_115' title='bbox 1611 1975 1702 2058; x_wconf 88' lang='lat' dir='ltr'>Ma·</span> 
     </span>
     <span class='ocr_line' id='line_1_15' title="bbox 183 2077 1699 2201; baseline -0.005 -26"><span class='ocrx_word' id='word_1_116' title='bbox 183 2104 390 2201; x_wconf 86' lang='lat' dir='ltr'>gnatum,</span> <span class='ocrx_word' id='word_1_117' title='bbox 417 2109 598 2198; x_wconf 88' lang='lat' dir='ltr'>quorum</span> <span class='ocrx_word' id='word_1_118' title='bbox 623 2088 800 2186; x_wconf 74' lang='lat' dir='ltr'>Matorcs</span> <span class='ocrx_word' id='word_1_119' title='bbox 827 2079 932 2168; x_wconf 84' lang='lat' dir='ltr'>bello</span> <span class='ocrx_word' id='word_1_120' title='bbox 957 2077 1190 2168; x_wconf 85' lang='lat' dir='ltr'>interfuere</span> <span class='ocrx_word' id='word_1_121' title='bbox 1204 2085 1481 2187; x_wconf 89' lang='lat' dir='ltr'>Germanico,</span> <span class='ocrx_word' id='word_1_122' title='bbox 1505 2081 1572 2168; x_wconf 84' lang='lat' dir='ltr'>vel</span> <span class='ocrx_word' id='word_1_123' title='bbox 1598 2079 1699 2168; x_wconf 89' lang='lat' dir='ltr'>alio·</span> 
     </span>
     <span class='ocr_line' id='line_1_16' title="bbox 183 2185 1701 2307; baseline -0.001 -21"><span class='ocrx_word' id='word_1_124' title='bbox 183 2221 289 2301; x_wconf 85' lang='lat' dir='ltr'>rum</span> <span class='ocrx_word' id='word_1_125' title='bbox 316 2193 540 2289; x_wconf 80' lang='lat' dir='ltr'>hominum</span> <span class='ocrx_word' id='word_1_126' title='bbox 562 2194 823 2288; x_wconf 78' lang='lat' dir='ltr'>curiosorum</span> <span class='ocrx_word' id='word_1_127' title='bbox 850 2190 998 2305; x_wconf 83' lang='lat' dir='ltr'>reliqui</span> <span class='ocrx_word' id='word_1_128' title='bbox 1026 2191 1305 2294; x_wconf 83' lang='lat' dir='ltr'>insalutatum,</span> <span class='ocrx_word' id='word_1_129' title='bbox 1334 2195 1435 2307; x_wconf 87' lang='lat' dir='ltr'>quin</span> <span class='ocrx_word' id='word_1_130' title='bbox 1458 2188 1515 2278; x_wconf 88' lang='lat' dir='ltr'>de</span> <span class='ocrx_word' id='word_1_131' title='bbox 1531 2189 1603 2278; x_wconf 86' lang='lat' dir='ltr'>illo</span> <span class='ocrx_word' id='word_1_132' title='bbox 1629 2185 1701 2276; x_wconf 81' lang='lat' dir='ltr'>ad·</span> 
     </span>
     <span class='ocr_line' id='line_1_17' title="bbox 185 2297 1812 2414; baseline -0.006 -21"><span class='ocrx_word' id='word_1_133' title='bbox 185 2329 438 2402; x_wconf 70' lang='lat' dir='ltr'>monerem,</span> <span class='ocrx_word' id='word_1_134' title='bbox 466 2297 530 2390; x_wconf 87' lang='lat' dir='ltr'>sed</span> <span class='ocrx_word' id='word_1_135' title='bbox 557 2327 702 2390; x_wconf 87' lang='lat' dir='ltr'>omnes</span> <span class='ocrx_word' id='word_1_136' title='bbox 730 2327 817 2388; x_wconf 90' lang='lat' dir='ltr'>uno</span> <span class='ocrx_word' id='word_1_137' title='bbox 846 2327 917 2388; x_wconf 87' lang='lat' dir='ltr'>ore</span> <span class='ocrx_word' id='word_1_138' title='bbox 945 2297 1291 2414; x_wconf 81' lang='lat' dir='ltr'>pronunciabant,</span> <span class='ocrx_word' id='word_1_139' title='bbox 1324 2303 1364 2388; x_wconf 87' lang='lat' dir='ltr'>se</span> <span class='ocrx_word' id='word_1_140' title='bbox 1377 2297 1476 2407; x_wconf 85' lang='lat' dir='ltr'>illud</span> <span class='ocrx_word' id='word_1_141' title='bbox 1503 2316 1573 2390; x_wconf 90' lang='lat' dir='ltr'>aut</span> <span class='ocrx_word' id='word_1_142' title='bbox 1592 2323 1701 2388; x_wconf 86' lang='lat' dir='ltr'>nun·</span> <span class='ocrx_word' id='word_1_143' title='bbox 1806 2335 1812 2344; x_wconf 91' lang='lat'><strong>·</strong></span> 
     </span>
     <span class='ocr_line' id='line_1_18' title="bbox 184 2399 1702 2547; baseline -0.001 -47"><span class='ocrx_word' id='word_1_144' title='bbox 184 2433 316 2547; x_wconf 79' lang='lat' dir='ltr'>quam</span> <span class='ocrx_word' id='word_1_145' title='bbox 346 2407 503 2510; x_wconf 79' lang='lat' dir='ltr'>vidisse,</span> <span class='ocrx_word' id='word_1_146' title='bbox 537 2430 608 2500; x_wconf 91' lang='lat' dir='ltr'>aut</span> <span class='ocrx_word' id='word_1_147' title='bbox 634 2411 664 2497; x_wconf 83' lang='lat' dir='ltr'>li</span> <span class='ocrx_word' id='word_1_148' title='bbox 692 2407 896 2514; x_wconf 81' lang='lat' dir='ltr'>vidissent,</span> <span class='ocrx_word' id='word_1_149' title='bbox 917 2435 1011 2496; x_wconf 90' lang='lat' dir='ltr'>non</span> <span class='ocrx_word' id='word_1_150' title='bbox 1039 2411 1129 2496; x_wconf 87' lang='lat' dir='ltr'>satis</span> <span class='ocrx_word' id='word_1_151' title='bbox 1154 2408 1267 2498; x_wconf 78' lang='lat' dir='ltr'>&#39;bene</span> <span class='ocrx_word' id='word_1_152' title='bbox 1293 2399 1526 2514; x_wconf 58' lang='lat' dir='ltr'>attendite„</span> <span class='ocrx_word' id='word_1_153' title='bbox 1556 2409 1622 2504; x_wconf 78' lang='lat' dir='ltr'>uel</span> <span class='ocrx_word' id='word_1_154' title='bbox 1658 2434 1702 2498; x_wconf 88' lang='lat' dir='ltr'>c·</span> 
     </span>
     <span class='ocr_line' id='line_1_19' title="bbox 182 2515 1701 2633; baseline -0.004 -23"><span class='ocrx_word' id='word_1_155' title='bbox 182 2544 292 2610; x_wconf 88' lang='lat' dir='ltr'>nam</span> <span class='ocrx_word' id='word_1_156' title='bbox 319 2515 606 2621; x_wconf 75' lang='lat' dir='ltr'>dememinille.</span> <span class='ocrx_word' id='word_1_157' title='bbox 661 2517 853 2610; x_wconf 85' lang='lat' dir='ltr'>Tandem</span> <span class='ocrx_word' id='word_1_158' title='bbox 880 2524 923 2604; x_wconf 87' lang='lat' dir='ltr'>in</span> <span class='ocrx_word' id='word_1_159' title='bbox 953 2523 1128 2630; x_wconf 85' lang='lat' dir='ltr'>patriam</span> <span class='ocrx_word' id='word_1_160' title='bbox 1156 2537 1248 2608; x_wconf 86' lang='lat' dir='ltr'>ante</span> <span class='ocrx_word' id='word_1_161' title='bbox 1277 2521 1434 2633; x_wconf 83' lang='lat' dir='ltr'>aliquot</span> <span class='ocrx_word' id='word_1_162' title='bbox 1469 2545 1601 2609; x_wconf 84' lang='lat' dir='ltr'>annos</span> <span class='ocrx_word' id='word_1_163' title='bbox 1636 2541 1701 2606; x_wconf 72' lang='lat' dir='ltr'>ro</span> 
     </span>
     <span class='ocr_line' id='line_1_20' title="bbox 159 2625 1806 2744; baseline -0.003 -26"><span class='ocrx_word' id='word_1_164' title='bbox 159 2629 328 2738; x_wconf 61' lang='lat' dir='ltr'>,versus</span> <span class='ocrx_word' id='word_1_165' title='bbox 356 2625 412 2717; x_wconf 88' lang='lat' dir='ltr'>est</span> <span class='ocrx_word' id='word_1_166' title='bbox 439 2628 615 2720; x_wconf 78' lang='lat' dir='ltr'>Carolus</span> <span class='ocrx_word' id='word_1_167' title='bbox 644 2629 851 2718; x_wconf 82' lang='lat' dir='ltr'>Gustavus</span> <span class='ocrx_word' id='word_1_168' title='bbox 879 2629 1073 2732; x_wconf 84' lang='lat' dir='ltr'>Heraeus,</span> <span class='ocrx_word' id='word_1_169' title='bbox 1098 2631 1188 2742; x_wconf 86' lang='lat' dir='ltr'>qui,</span> <span class='ocrx_word' id='word_1_170' title='bbox 1218 2646 1362 2744; x_wconf 84' lang='lat' dir='ltr'>praeter</span> <span class='ocrx_word' id='word_1_171' title='bbox 1382 2629 1609 2739; x_wconf 83' lang='lat' dir='ltr'>elegantem</span> <span class='ocrx_word' id='word_1_172' title='bbox 1636 2652 1702 2714; x_wconf 89' lang='lat' dir='ltr'>re·</span> <span class='ocrx_word' id='word_1_173' title='bbox 1800 2677 1806 2686; x_wconf 92' lang='lat'><strong>·</strong></span> 
     </span>
     <span class='ocr_line' id='line_1_21' title="bbox 181 2735 1702 2850; baseline -0.007 -19"><span class='ocrx_word' id='word_1_174' title='bbox 181 2767 287 2830; x_wconf 89' lang='lat' dir='ltr'>rum</span> <span class='ocrx_word' id='word_1_175' title='bbox 315 2735 612 2827; x_wconf 81' lang='lat' dir='ltr'>Hllioricarum</span> <span class='ocrx_word' id='word_1_176' title='bbox 642 2743 685 2827; x_wconf 78' lang='grc' dir='ltr'>δι</span> <span class='ocrx_word' id='word_1_177' title='bbox 713 2737 977 2838; x_wconf 85' lang='lat' dir='ltr'>Politicarum</span> <span class='ocrx_word' id='word_1_178' title='bbox 1005 2740 1220 2840; x_wconf 89' lang='lat' dir='ltr'>notitiam,</span> <span class='ocrx_word' id='word_1_179' title='bbox 1245 2763 1374 2850; x_wconf 88' lang='lat' dir='ltr'>quam</span> <span class='ocrx_word' id='word_1_180' title='bbox 1392 2736 1465 2826; x_wconf 87' lang='lat' dir='ltr'>srbi</span> <span class='ocrx_word' id='word_1_181' title='bbox 1485 2735 1611 2850; x_wconf 77' lang='lat' dir='ltr'>longi</span> <span class='ocrx_word' id='word_1_182' title='bbox 1631 2761 1702 2850; x_wconf 85' lang='lat' dir='ltr'>pe-</span> 
     </span>
     <span class='ocr_line' id='line_1_22' title="bbox 179 2856 1702 2975; baseline -0.006 -24"><span class='ocrx_word' id='word_1_183' title='bbox 179 2863 500 2975; x_wconf 85' lang='lat' dir='ltr'>regrinatione,</span> <span class='ocrx_word' id='word_1_184' title='bbox 542 2864 584 2948; x_wconf 77' lang='lat' dir='ltr'>oc</span> <span class='ocrx_word' id='word_1_185' title='bbox 618 2857 771 2950; x_wconf 76' lang='lat' dir='ltr'>affidud</span> <span class='ocrx_word' id='word_1_186' title='bbox 805 2884 904 2948; x_wconf 88' lang='lat' dir='ltr'>cum</span> <span class='ocrx_word' id='word_1_187' title='bbox 940 2856 1182 2947; x_wconf 77' lang='lat' dir='ltr'>clarissimis</span> <span class='ocrx_word' id='word_1_188' title='bbox 1224 2857 1339 2946; x_wconf 80' lang='lat' dir='ltr'>Viris</span> <span class='ocrx_word' id='word_1_189' title='bbox 1371 2859 1702 2955; x_wconf 84' lang='lat' dir='ltr'>conversatione,</span> 
     </span>
     <span class='ocr_line' id='line_1_23' title="bbox 183 2967 1702 3082; baseline -0.003 -26"><span class='ocrx_word' id='word_1_190' title='bbox 183 2971 470 3082; x_wconf 75' lang='lat' dir='ltr'>comparavit,</span> <span class='ocrx_word' id='word_1_191' title='bbox 496 2985 632 3058; x_wconf 84' lang='lat' dir='ltr'>tantos</span> <span class='ocrx_word' id='word_1_192' title='bbox 658 2967 866 3064; x_wconf 85' lang='lat' dir='ltr'>in-lludio</span> <span class='ocrx_word' id='word_1_193' title='bbox 879 3025 884 3036; x_wconf 90' lang='lat'>·</span> <span class='ocrx_word' id='word_1_194' title='bbox 898 2967 1198 3058; x_wconf 87' lang='lat' dir='ltr'>numismatum·</span> <span class='ocrx_word' id='word_1_195' title='bbox 1230 2971 1539 3072; x_wconf 82' lang='lat' dir='ltr'>recentiorum,</span> <span class='ocrx_word' id='word_1_196' title='bbox 1576 2970 1702 3052; x_wconf 88' lang='lat' dir='ltr'>etiam</span> 
     </span>
     <span class='ocr_line' id='line_1_24' title="bbox 183 3073 1702 3208; baseline -0.004 -40"><span class='ocrx_word' id='word_1_197' title='bbox 183 3099 283 3168; x_wconf 91' lang='lat' dir='ltr'>tum</span> <span class='ocrx_word' id='word_1_198' title='bbox 307 3073 491 3183; x_wconf 80' lang='lat' dir='ltr'>juvenis,</span> <span class='ocrx_word' id='word_1_199' title='bbox 505 3075 613 3164; x_wconf 67' lang='lat' dir='ltr'>‘lecit</span> <span class='ocrx_word' id='word_1_200' title='bbox 641 3077 894 3194; x_wconf 80' lang='lat' dir='ltr'>progressus,</span> <span class='ocrx_word' id='word_1_201' title='bbox 914 3096 962 3166; x_wconf 88' lang='lat' dir='ltr'>ut</span> <span class='ocrx_word' id='word_1_202' title='bbox 989 3101 1163 3194; x_wconf 87' lang='lat' dir='ltr'>paucos,</span> <span class='ocrx_word' id='word_1_203' title='bbox 1190 3081 1314 3165; x_wconf 84' lang='lat' dir='ltr'>etiam</span> <span class='ocrx_word' id='word_1_204' title='bbox 1337 3082 1445 3168; x_wconf 76' lang='lat' dir='ltr'>ittet</span> <span class='ocrx_word' id='word_1_205' title='bbox 1469 3093 1585 3166; x_wconf 78' lang='lat' dir='ltr'>atate</span> <span class='ocrx_word' id='word_1_206' title='bbox 1603 3101 1702 3208; x_wconf 83' lang='lat' dir='ltr'>pro-</span> 
     </span>
     <span class='ocr_line' id='line_1_25' title="bbox 180 3184 1704 3321; baseline -0.001 -45"><span class='ocrx_word' id='word_1_207' title='bbox 180 3185 412 3294; x_wconf 59' lang='lat' dir='ltr'>teniores,</span> <span class='ocrx_word' id='word_1_208' title='bbox 439 3185 512 3286; x_wconf 78' lang='lat' dir='ltr'>ibt</span> <span class='ocrx_word' id='word_1_209' title='bbox 540 3185 705 3284; x_wconf 83' lang='lat' dir='ltr'>haberet</span> <span class='ocrx_word' id='word_1_210' title='bbox 727 3213 863 3321; x_wconf 78' lang='lat' dir='ltr'>pares.</span> <span class='ocrx_word' id='word_1_211' title='bbox 918 3187 1038 3278; x_wconf 79' lang='lat' dir='ltr'>illum</span> <span class='ocrx_word' id='word_1_212' title='bbox 1063 3184 1298 3304; x_wconf 68' lang='lat' dir='ltr'>opportune</span> <span class='ocrx_word' id='word_1_213' title='bbox 1320 3191 1514 3290; x_wconf 82' lang='lat' dir='ltr'>convent,</span> <span class='ocrx_word' id='word_1_214' title='bbox 1542 3211 1621 3302; x_wconf 82' lang='lat' dir='ltr'>qut</span> <span class='ocrx_word' id='word_1_215' title='bbox 1637 3187 1704 3274; x_wconf 92' lang='lat' dir='ltr'>in·</span> 
     </span>
     <span class='ocr_line' id='line_1_26' title="bbox 183 3293 1703 3410; baseline -0.004 -24"><span class='ocrx_word' id='word_1_216' title='bbox 183 3318 254 3386; x_wconf 85' lang='lat' dir='ltr'>ter</span> <span class='ocrx_word' id='word_1_217' title='bbox 282 3302 497 3385; x_wconf 88' lang='lat' dir='ltr'>innumera</span> <span class='ocrx_word' id='word_1_218' title='bbox 524 3295 602 3384; x_wconf 88' lang='lat' dir='ltr'>alia</span> <span class='ocrx_word' id='word_1_219' title='bbox 621 3314 870 3388; x_wconf 74' lang='lat' dir='ltr'>numismata</span> <span class='ocrx_word' id='word_1_220' title='bbox 895 3293 1059 3410; x_wconf 74' lang='lat' dir='ltr'>ectypa,</span> <span class='ocrx_word' id='word_1_221' title='bbox 1086 3301 1211 3384; x_wconf 85' lang='lat' dir='ltr'>etiam</span> <span class='ocrx_word' id='word_1_222' title='bbox 1231 3295 1329 3384; x_wconf 88' lang='lat' dir='ltr'>illud</span> <span class='ocrx_word' id='word_1_223' title='bbox 1354 3297 1586 3409; x_wconf 77' lang='lat' dir='ltr'>collegerat,</span> <span class='ocrx_word' id='word_1_224' title='bbox 1615 3320 1703 3380; x_wconf 87' lang='lat' dir='ltr'>me·</span> 
     </span>
     <span class='ocr_line' id='line_1_27' title="bbox 181 3401 1705 3520; baseline -0.003 -26"><span class='ocrx_word' id='word_1_225' title='bbox 181 3429 372 3519; x_wconf 84' lang='lat' dir='ltr'>cumque</span> <span class='ocrx_word' id='word_1_226' title='bbox 398 3402 607 3520; x_wconf 85' lang='lat' dir='ltr'>primtlm,</span> <span class='ocrx_word' id='word_1_227' title='bbox 632 3403 778 3496; x_wconf 86' lang='lat' dir='ltr'>additis</span> <span class='ocrx_word' id='word_1_228' title='bbox 810 3405 1019 3494; x_wconf 87' lang='lat' dir='ltr'>nonnullis</span> <span class='ocrx_word' id='word_1_229' title='bbox 1046 3404 1155 3509; x_wconf 83' lang='lat' dir='ltr'>aliis,</span> <span class='ocrx_word' id='word_1_230' title='bbox 1189 3406 1323 3492; x_wconf 77' lang='lat' dir='ltr'>amice</span> <span class='ocrx_word' id='word_1_231' title='bbox 1360 3401 1705 3494; x_wconf 87' lang='lat' dir='ltr'>communicabat.</span> 
     </span>
     <span class='ocr_line' id='line_1_28' title="bbox 183 3509 1705 3629; baseline -0.001 -25"><span class='ocrx_word' id='word_1_232' title='bbox 183 3509 432 3618; x_wconf 80' lang='lat' dir='ltr'>Verum,li</span> <span class='ocrx_word' id='word_1_233' title='bbox 459 3515 609 3614; x_wconf 81' lang='lat' dir='ltr'>Sveclae</span> <span class='ocrx_word' id='word_1_234' title='bbox 625 3517 728 3608; x_wconf 82' lang='lat' dir='ltr'>¹suos</span> <span class='ocrx_word' id='word_1_235' title='bbox 755 3513 854 3606; x_wconf 86' lang='lat' dir='ltr'>illud</span> <span class='ocrx_word' id='word_1_236' title='bbox 882 3512 1074 3606; x_wconf 76' lang='lat' dir='ltr'>debuisset</span> <span class='ocrx_word' id='word_1_237' title='bbox 1107 3515 1288 3620; x_wconf 83' lang='lat' dir='ltr'>natales,</span> <span class='ocrx_word' id='word_1_238' title='bbox 1323 3541 1409 3602; x_wconf 93' lang='lat' dir='ltr'>non</span> <span class='ocrx_word' id='word_1_239' title='bbox 1445 3517 1581 3629; x_wconf 87' lang='lat' dir='ltr'>potuit</span> <span class='ocrx_word' id='word_1_240' title='bbox 1617 3539 1705 3603; x_wconf 82' lang='lat' dir='ltr'>nou</span> 
     </span>
     <span class='ocr_line' id='line_1_29' title="bbox 182 3619 1705 3738; baseline -0.003 -24"><span class='ocrx_word' id='word_1_241' title='bbox 182 3628 265 3714; x_wconf 85' lang='lat' dir='ltr'>nni</span> <span class='ocrx_word' id='word_1_242' title='bbox 293 3622 457 3719; x_wconf 77' lang='lat' dir='ltr'>alteriue</span> <span class='ocrx_word' id='word_1_243' title='bbox 482 3624 719 3726; x_wconf 74' lang='lat' dir='ltr'>innotuisse,</span> <span class='ocrx_word' id='word_1_244' title='bbox 745 3649 822 3714; x_wconf 84' lang='lat' dir='ltr'>uec</span> <span class='ocrx_word' id='word_1_245' title='bbox 850 3619 972 3719; x_wconf 78' lang='lat' dir='ltr'>tanto</span> <span class='ocrx_word' id='word_1_246' title='bbox 993 3624 1101 3716; x_wconf 84' lang='lat' dir='ltr'>illins</span> <span class='ocrx_word' id='word_1_247' title='bbox 1129 3621 1402 3738; x_wconf 73' lang='lat' dir='ltr'>investigandi</span> <span class='ocrx_word' id='word_1_248' title='bbox 1425 3623 1563 3714; x_wconf 88' lang='lat' dir='ltr'>labore</span> <span class='ocrx_word' id='word_1_249' title='bbox 1598 3619 1705 3710; x_wconf 88' lang='lat' dir='ltr'>indi·</span> 
     </span>
     <span class='ocr_line' id='line_1_30' title="bbox 219 3730 1706 3837; baseline -0.001 -19"><span class='ocrx_word' id='word_1_250' title='bbox 219 3732 449 3836; x_wconf 71' lang='lat' dir='ltr'>uilset&#39;uus.⁴</span> <span class='ocrx_word' id='word_1_251' title='bbox 481 3736 737 3837; x_wconf 69' lang='lat' dir='ltr'>Nectanta,</span> <span class='ocrx_word' id='word_1_252' title='bbox 766 3749 813 3822; x_wconf 81' lang='lat' dir='ltr'>ut</span> <span class='ocrx_word' id='word_1_253' title='bbox 841 3759 985 3828; x_wconf 82' lang='lat' dir='ltr'>vetum</span> <span class='ocrx_word' id='word_1_254' title='bbox 1013 3730 1165 3834; x_wconf 77' lang='lat' dir='ltr'>fatear,</span> <span class='ocrx_word' id='word_1_255' title='bbox 1194 3733 1265 3820; x_wconf 89' lang='lat' dir='ltr'>ulli</span> <span class='ocrx_word' id='word_1_256' title='bbox 1293 3732 1546 3832; x_wconf 76' lang='lat' dir='ltr'>nostratum,</span> <span class='ocrx_word' id='word_1_257' title='bbox 1583 3732 1706 3821; x_wconf 85' lang='lat' dir='ltr'>aliive</span> 
     </span>
     <span class='ocr_line' id='line_1_31' title="bbox 184 3763 1705 3954; baseline 0 -24"><span class='ocrx_word' id='word_1_258' title='bbox 184 3763 261 3930; x_wconf 63' lang='lat' dir='ltr'>fite</span> <span class='ocrx_word' id='word_1_259' title='bbox 288 3838 484 3954; x_wconf 73' lang='lat' dir='ltr'>degenti,</span> <span class='ocrx_word' id='word_1_260' title='bbox 517 3837 616 3928; x_wconf 85' lang='lat' dir='ltr'>edm</span> <span class='ocrx_word' id='word_1_261' title='bbox 644 3847 868 3936; x_wconf 83' lang='lat' dir='ltr'>Numllrna</span> <span class='ocrx_word' id='word_1_262' title='bbox 891 3841 1168 3944; x_wconf 82' lang='lat' dir='ltr'>formaretur,</span> <span class='ocrx_word' id='word_1_263' title='bbox 1190 3862 1379 3934; x_wconf 73' lang='lat' dir='ltr'>moneta</span> <span class='ocrx_word' id='word_1_264' title='bbox 1408 3839 1599 3930; x_wconf 68' lang='lat' dir='ltr'>celandae</span> <span class='ocrx_word' id='word_1_265' title='bbox 1625 3839 1705 3930; x_wconf 80' lang='lat' dir='ltr'>fult</span> 
     </span>
    </p>
   </div>
   <div class='ocr_carea' id='block_1_4' title="bbox 184 3935 1704 4148">
    <p class='ocr_par' dir='ltr' id='par_1_4' title="bbox 184 3935 1704 4148">
     <span class='ocr_line' id='line_1_32' title="bbox 184 3935 1704 4148; baseline 0 -112"><span class='ocrx_word' id='word_1_266' title='bbox 184 3953 359 4067; x_wconf 81' lang='lat' dir='ltr'>peritia,</span> <span class='ocrx_word' id='word_1_267' title='bbox 392 3965 439 4042; x_wconf 87' lang='lat' dir='ltr'>ut</span> <span class='ocrx_word' id='word_1_268' title='bbox 466 3935 509 4038; x_wconf 86' lang='lat' dir='ltr'>id</span> <span class='ocrx_word' id='word_1_269' title='bbox 535 3949 609 4040; x_wconf 86' lang='lat' dir='ltr'>tali</span> <span class='ocrx_word' id='word_1_270' title='bbox 634 3957 812 4070; x_wconf 86' lang='lat' dir='ltr'>cuipiam</span> <span class='ocrx_word' id='word_1_271' title='bbox 849 3951 1015 4038; x_wconf 89' lang='lat' dir='ltr'>attribui</span> <span class='ocrx_word' id='word_1_272' title='bbox 1041 3949 1179 4148; x_wconf 52' lang='lat' dir='ltr'>follit·</span> <span class='ocrx_word' id='word_1_273' title='bbox 1233 3951 1275 4036; x_wconf 91' lang='lat' dir='ltr'>Si</span> <span class='ocrx_word' id='word_1_274' title='bbox 1302 3979 1400 4038; x_wconf 89' lang='lat' dir='ltr'>cum</span> <span class='ocrx_word' id='word_1_275' title='bbox 1428 3951 1558 4038; x_wconf 92' lang='lat' dir='ltr'>isthoc</span> <span class='ocrx_word' id='word_1_276' title='bbox 1585 3977 1704 4037; x_wconf 87' lang='lat' dir='ltr'>com·</span> 
     </span>
    </p>
   </div>
   <div class='ocr_carea' id='block_1_5' title="bbox 185 4058 1708 4728">
    <p class='ocr_par' dir='ltr' id='par_1_5' title="bbox 185 4058 1708 4709">
     <span class='ocr_line' id='line_1_33' title="bbox 185 4058 1705 4174; baseline 0.001 -28"><span class='ocrx_word' id='word_1_277' title='bbox 185 4063 401 4174; x_wconf 83' lang='lat' dir='ltr'>paraveris</span> <span class='ocrx_word' id='word_1_278' title='bbox 431 4085 631 4150; x_wconf 85' lang='lat' dir='ltr'>nummos</span> <span class='ocrx_word' id='word_1_279' title='bbox 668 4067 711 4152; x_wconf 80' lang='lat' dir='ltr'>oc</span> <span class='ocrx_word' id='word_1_280' title='bbox 744 4064 988 4149; x_wconf 84' lang='lat' dir='ltr'>numismata</span> <span class='ocrx_word' id='word_1_281' title='bbox 1016 4065 1094 4147; x_wconf 87' lang='lat' dir='ltr'>aia</span> <span class='ocrx_word' id='word_1_282' title='bbox 1123 4058 1195 4150; x_wconf 84' lang='lat' dir='ltr'>sub</span> <span class='ocrx_word' id='word_1_283' title='bbox 1229 4059 1309 4150; x_wconf 88' lang='lat' dir='ltr'>boc</span> <span class='ocrx_word' id='word_1_284' title='bbox 1340 4065 1402 4150; x_wconf 89' lang='lat' dir='ltr'>Re</span> <span class='ocrx_word' id='word_1_285' title='bbox 1432 4087 1455 4146; x_wconf 92' lang='lat' dir='ltr'>e</span> <span class='ocrx_word' id='word_1_286' title='bbox 1487 4065 1532 4146; x_wconf 89' lang='lat' dir='ltr'>in</span> <span class='ocrx_word' id='word_1_287' title='bbox 1568 4060 1705 4152; x_wconf 82' lang='lat' dir='ltr'>Patrial</span> 
     </span>
     <span class='ocr_line' id='line_1_34' title="bbox 186 4087 1708 4286; baseline 0.003 -32"><span class='ocrx_word' id='word_1_288' title='bbox 186 4165 394 4286; x_wconf 85' lang='lat' dir='ltr'>percuffa,</span> <span class='ocrx_word' id='word_1_289' title='bbox 419 4169 566 4278; x_wconf 82' lang='lat' dir='ltr'>inillis</span> <span class='ocrx_word' id='word_1_290' title='bbox 587 4167 773 4278; x_wconf 67' lang='lat' dir='ltr'>talanta</span> <span class='ocrx_word' id='word_1_291' title='bbox 786 4171 918 4273; x_wconf 82' lang='lat' dir='ltr'>multo</span> <span class='ocrx_word' id='word_1_292' title='bbox 945 4171 1107 4270; x_wconf 82' lang='lat' dir='ltr'>rudior,</span> <span class='ocrx_word' id='word_1_293' title='bbox 1134 4176 1241 4270; x_wconf 77' lang='lat' dir='ltr'>&amp;in</span> <span class='ocrx_word' id='word_1_294' title='bbox 1267 4167 1393 4260; x_wconf 85' lang='lat' dir='ltr'>hocce</span> <span class='ocrx_word' id='word_1_295' title='bbox 1403 4087 1620 4274; x_wconf 43' lang='lat' dir='ltr'>§iterarunt</span> <span class='ocrx_word' id='word_1_296' title='bbox 1641 4173 1708 4283; x_wconf 85' lang='lat' dir='ltr'>ni·</span> 
     </span>
     <span class='ocr_line' id='line_1_35' title="bbox 187 4275 1705 4396; baseline 0.001 -31"><span class='ocrx_word' id='word_1_297' title='bbox 187 4297 260 4366; x_wconf 88' lang='lat' dir='ltr'>tor</span> <span class='ocrx_word' id='word_1_298' title='bbox 279 4275 490 4389; x_wconf 79' lang='lat' dir='ltr'>singularis</span> <span class='ocrx_word' id='word_1_299' title='bbox 503 4277 719 4396; x_wconf 75' lang='lat' dir='ltr'>formaque</span> <span class='ocrx_word' id='word_1_300' title='bbox 733 4279 976 4379; x_wconf 86' lang='lat' dir='ltr'>nostratibus</span> <span class='ocrx_word' id='word_1_301' title='bbox 992 4280 1196 4382; x_wconf 77' lang='lat' dir='ltr'>inusitata,</span> <span class='ocrx_word' id='word_1_302' title='bbox 1219 4285 1262 4367; x_wconf 80' lang='grc' dir='ltr'>δι</span> <span class='ocrx_word' id='word_1_303' title='bbox 1286 4307 1370 4368; x_wconf 90' lang='lat' dir='ltr'>non</span> <span class='ocrx_word' id='word_1_304' title='bbox 1392 4280 1460 4368; x_wconf 87' lang='lat' dir='ltr'>vul</span> <span class='ocrx_word' id='word_1_305' title='bbox 1493 4277 1705 4394; x_wconf 71' lang='lat' dir='ltr'>arisligu·</span> 
     </span>
     <span class='ocr_line' id='line_1_36' title="bbox 188 4383 1703 4504; baseline 0.001 -28"><span class='ocrx_word' id='word_1_306' title='bbox 188 4412 335 4501; x_wconf 77' lang='lat' dir='ltr'>rarum</span> <span class='ocrx_word' id='word_1_307' title='bbox 354 4390 606 4497; x_wconf 77' lang='lat' dir='ltr'>concinnitas</span> <span class='ocrx_word' id='word_1_308' title='bbox 621 4387 710 4494; x_wconf 85' lang='lat' dir='ltr'>lure</span> <span class='ocrx_word' id='word_1_309' title='bbox 725 4387 950 4498; x_wconf 78' lang='lat' dir='ltr'>meridiani</span> <span class='ocrx_word' id='word_1_310' title='bbox 966 4383 1112 4499; x_wconf 74' lang='lat' dir='ltr'>claritis</span> <span class='ocrx_word' id='word_1_311' title='bbox 1128 4389 1433 4504; x_wconf 85' lang='lat' dir='ltr'>comparebunt.</span> <span class='ocrx_word' id='word_1_312' title='bbox 1494 4415 1703 4502; x_wconf 77' lang='lat' dir='ltr'>umquam</span> 
     </span>
     <span class='ocr_line' id='line_1_37' title="bbox 189 4485 1704 4709; baseline -0.02 -95"><span class='ocrx_word' id='word_1_313' title='bbox 189 4488 540 4614; x_wconf 64' lang='lat' dir='ltr'>”Olllllffilnulore</span> <span class='ocrx_word' id='word_1_314' title='bbox 553 4485 731 4616; x_wconf 69' lang='lat' dir='ltr'>poffim,</span> <span class='ocrx_word' id='word_1_315' title='bbox 747 4495 943 4639; x_wconf 78' lang='lat' dir='ltr'>antehac,</span> <span class='ocrx_word' id='word_1_316' title='bbox 968 4519 1154 4616; x_wconf 76' lang='lat' dir='ltr'>tempore</span> <span class='ocrx_word' id='word_1_317' title='bbox 1178 4502 1228 4598; x_wconf 78' lang='lat' dir='ltr'>lc,</span> <span class='ocrx_word' id='word_1_318' title='bbox 1249 4505 1416 4616; x_wconf 83' lang='lat' dir='ltr'>Ducum</span> <span class='ocrx_word' id='word_1_319' title='bbox 1432 4497 1634 4611; x_wconf 80' lang='lat' dir='ltr'>johannis</span> <span class='ocrx_word' id='word_1_320' title='bbox 1655 4503 1704 4709; x_wconf 49' lang='lat' dir='ltr'>l?</span> 
     </span>
    </p>

    <p class='ocr_par' dir='ltr' id='par_1_6' title="bbox 1031 4623 1707 4728">
     <span class='ocr_line' id='line_1_38' title="bbox 1031 4623 1707 4728; baseline -0.001 -19"><span class='ocrx_word' id='word_1_321' title='bbox 1031 4690 1037 4696; x_wconf 89' lang='lat'>.</span> <span class='ocrx_word' id='word_1_322' title='bbox 1543 4623 1654 4710; x_wconf 87' lang='lat' dir='ltr'>Caro</span> <span class='ocrx_word' id='word_1_323' title='bbox 1671 4626 1707 4728; x_wconf 84' lang='lat'>&#39;,</span> 
     </span>
    </p>
   </div>
   <div class='ocr_carea' id='block_1_6' title="bbox 0 0 2133 5336">
    <p class='ocr_par' dir='ltr' id='par_1_7' title="bbox 0 0 2133 5336">
     <span class='ocr_line' id='line_1_39' title="bbox 0 0 2133 5336; baseline 0 0"><span class='ocrx_word' id='word_1_324' title='bbox 0 0 2133 5336; x_wconf 95' lang='lat' dir='ltr'> </span> 
     </span>
    </p>
   </div>
  </div>
 </body>
</html>
