4298 5336
267 373 272 380 ι
372 433 426 533 ro‘
450 497 465 524 .·
561 546 566 554 ,
712 367 981 564 *Hirsutum
1004 429 1190 544 Natam
1231 425 1524 534 Suco-Gora.

372 573 1232 603 -Q--OE—-n———a--n-n
1559 571 1718 594 m

371 615 499 699 minus
513 611 787 695 tarraeScaniae.
826 605 1084 703 Certumelb
1097 600 1378 725 'nboann'am
1397 605 1524 690 indeal
1537 607 1790 718 temporibus
1805 609 1885 697 hu·
1977 613 1981 620 ’

372 735 435 830 jus
466 722 597 820 Erici,
628 717 842 804 secundam
874 715 1034 819 suissed
1067 713 1321 819 stokholmia
1355 711 1512 800 Urbem
1541 723 1811 804 monetariam
1838 726 1884 808 in

375 848 464 916 toto
486 829 566 914 hoc
587 831 763 938 Regnoa
802 828 936 940 plures
962 829 1075 926 enirn
1099 824 1186 938 post
1207 819 1326 908 illum
1353 827 1486 934 Reges
1509 823 1634 925 nostri
1655 822 1764 920 ditio
1791 831 1883 916 loco

377 943 464 1025 suas
480 935 710 1022 habuerunt
732 931 1365 1027 offictnas',eudendae1manetaet
1393 929 1504 1044 quod
1530 931 1733 1047 perspicue
1759 937 1884 1051 liquet
1949 1002 1952 1009 .
2044 930 2049 942 ’

375 1073 429 1132 ex
448 1049 634 1144 nummis
653 1049 764 1132 Erici
790 1046 1028 1152 pomerani,
1042 1037 1338 1171 Christophori
1360 1043 1523 1142 bavari,
1546 1043 1685 1127 Caroli
1710 1045 1883 1150 Ganuti,

376 1166 418 1241 δι
441 1155 708 1264 inter-Regis
726 1156 912 1243 Stenonis
929 1155 1045 1238 Sture
1068 1154 1265 1252 Senions,
1292 1147 1369 1234 sub
1385 1143 1552 1244 nomine
1574 1149 1714 1240 Sandi
1736 1155 1882 1246 Heari.

376 1265 430 1368 ci,
445 1266 675 1382 Finnorum
698 1282 796 1350 tunc
813 1264 996 1364 Patroni,
1010 1283 1185 1356 necnon
1202 1250 1374 1344 Gullavi
1395 1259 1537 1348 Primi.
1851 1257 1854 1266 ’

895 1409 1382 1596 ΗΑρνιΝνε

689 1599 993 1770 FRATER
1027 1603 1168 1702 ΕΚ]
1175 1593 1258 1705 CI
1287 1601 1590 1706 MAGNI.

1029 1759 1100 1858 N·-
1132 1782 1213 1885 14-
1313 1779 1315 1786 ’
1902 1869 1910 1884 .

489 1909 648 2020 Magno
670 1901 781 1990 Smek
808 1903 916 2016 Regi
942 1906 995 1991 e'x
1012 1903 1159 1993 blanci
1176 1906 1365 2014 Coniuge
1387 1901 1471 2015 duo
1495 1907 1581 1992 nati
1604 1901 1692 1995 sunt
1715 1898 1810 2006 filii,
1827 1873 1884 1994 'E-

322 2019 330 2026 '
378 2021 486 2104 rictu
510 2021 552 2101 dc
575 2019 640 2102 Ha
670 2016 803 2100 ulum.
848 2019 974 2102 Natu
1004 2016 1135 2113 major
1153 2016 1328 2112 Erisus,
1350 2021 1579 2100 eommuni
1602 2016 1739 2127 Regni
1763 2013 1884 2101 Ordi·
2044 2105 2051 2118 ,

377 2151 481 2213 num
499 2039 701 2221 contendo,
717 2138 764 2207 ut
777 2119 870 2208 ante
887 2121 1089 2228 diximus,
1105 2127 1150 2210 in
1164 2123 1386 2236 [imperinm
1404 2122 1487 2210 unzi
1504 2119 1672 2209 adscitus
1687 2121 1753 2209 est.
1781 2125 1884 2230 Quae

378 2261 443 2321 res
460 2227 620 2318 tannim
640 2228 879 2318 Parentibus
900 2233 984 2338 eius
1005 2229 1235 2350 displicuit,
1249 2251 1299 2317 ut
1320 2258 1396 2346 per
1413 2229 1573 2319 insidias
1589 2232 1723 2346 ipsum
1746 2237 1882 2318 necari

200 2336 211 2350 '
378 2345 571 2430 curarint.
605 2343 698 2427 Hoc
720 2339 899 2426 lacinore
915 2341 1064 2430 exteris
1076 2339 1271 2450 Regibus
1283 2359 1422 2456 aperta
1440 2346 1556 2441 janua
1580 2337 1798 2428 invadendi
1813 2367 1883 2426 va·

378 2447 586 2562 standique
605 2451 802 2560 Regnum
826 2449 987 2535 Sveciae.
1039 2450 1187 2554 iunior
1205 2453 1561 2561 nanfflaqoinus,
1577 2453 1758 2536 Parentis
1776 2452 1883 2564 pari·

379 2577 440 2648 ter
471 2583 519 2644 ac
549 2563 685 2672 Regni
718 2554 921 2644 Ordinum
945 2553 1261 2676 suffragiisRex
1289 2563 1512 2672 Norvegiae
1536 2559 1776 2648 constitutus
1806 2558 1882 2660 est,

378 2695 469 2782 qua
491 2665 561 2754 illo
584 2687 769 2782 tempore
802 2667 906 2780 Regi
926 2669 1074 2754 Sveciae
1086 2667 1269 2782 parebat.
1305 2671 1444 2768 Pater,
1464 2669 1554 2784 post
1569 2675 1746 2760 mortem
1756 2673 1803 2766 R„
1847 2672 1882 2758 is

212 2783 217 2796 ’
378 2782 517 2880 lirici,
541 2775 617 2862 filii
634 2779 713 2876 sui,
743 2775 1328 2882 exitiosrffimomcontinuans
1341 2780 1572 2889 Regimen,
1588 2776 1673 2862 vini
1690 2779 1815 2892 spurc'
1849 2807 1883 2864 ι·

378 2886 448 2972 mai
474 2888 657 2996 Regium
680 2881 956 2969 dehonestavit
975 2911 1153 2970 nomen:
1171 2883 1456 2970 abalienavit&
1478 2889 1626 2994 Regno
1644 2885 1793 2990 Spaciae
1811 2913 1884 2998 va·

375 3000 456 3081 rias
480 2995 738 3091 Provincias,
770 2991 919 3104 quibus
948 3018 1096 3103 augere
1118 2987 1257 3105 potiris
1279 2994 1439 3078 ,avitum
1466 3009 1660 3102 parerat:
1689 2995 1882 3078 Proceres

303 3201 307 3206 ,
376 3109 421 3190 in
447 3101 624 3186 exilium.
648 3094 783 3202 eiecitt
815 3095 943 3184 fidem
968 3097 1105 3186 datam
1129 3107 1259 3202 acius
1282 3096 1498 3206 jurandum
1517 3099 1719 3185 violavitz
1747 3105 1882 3216 perni-

253 3289 254 3294 s
375 3211 479 3298 ciosa
503 3235 599 3296 eum
622 3209 772 3318 Sveciae
787 3205 968 3294 hostibus
991 3205 1269 3317 loederainiit.
1325 3211 1433 3296 Hinc
1450 3203 1603 3295 fadum
1630 3208 1703 3312 est,
1728 3227 1776 3296 ut
1800 3213 1882 3302 Re·

376 3323 450 3436 gni
473 3317 646 3406 Ordines
670 3319 853 3430 Haquini
880 3313 994 3431 filii(
1024 3323 1290 3430 Norvegiarn·
1307 3334 1406 3404 tunc
1437 3315 1541 3404 bene
1565 3343 1614 3404 ac
1634 3315 1883 3412 laudabiliter
1907 3415 1910 3424 f

375 3433 576 3542 regentis)
601 3450 770 3540 operam
794 3426 1087 3542 implorarent,
1109 3424 1161 3510 ad
1185 3423 1516 3542 compescendam
1545 3430 1671 3540 Regis
1695 3433 1891 3530 atrocitar

376 3557 483 3639 tem,
500 3561 576 3621 nec
594 3539 724 3648 segnis
751 3536 815 3622 itte
844 3533 1180 3644 comprehensum
1205 3537 1397 3640 Patrem,
1423 3539 1466 3622 in
1491 3537 1670 3652 Templo
1696 3537 1882 3642 Calmar-

377 3651 476 3748 niae,
492 3648 576 3732 arci
593 3641 772 3744 ejusdem
788 3641 916 3730 Urbis
935 3643 1102 3740 iuclusrt.
1159 3640 1317 3730 Eodem
1332 3663 1423 3730 tem¹
1446 3669 1516 3730 ore
1539 3662 1790 3732 conventum
1806 3646 1881 3743 est,

376 3781 556 3842 uxorem
572 3756 764 3870 Haquino
782 3750 1006 3840 ducendam
1024 3751 1100 3839 eise
1111 3749 1408 3856 Elisabetham,
1454 3757 1580 3838 enrici
1594 3754 1784 3839 Hoisatiae
1797 3755 1881 3838 Co·

373 3869 490 3949 mitis
515 3863 675 3972 Filiam.
731 3865 953 3962 Mittuntur
966 3863 1048 3948 line
1064 3861 1144 3948 ulla
1163 3861 1281 3948 moral
1300 3865 1472 3974 Legati,
1497 3867 1569 3973 qui
1594 3887 1692 3948 cum
1715 3865 1881 3949 Comite

377 3979 606 4086 agerent&
630 3972 813 4084 sponsam
847 3968 1100 4068 adducerent.
1156 3975 1201 4062 In
1224 3967 1357 4056 reditu
1382 3967 1501 4092 verb,
1519 3974 1655 4074 navis,
1697 3999 1760 4058 uae
1785 3973 1880 4058 Vir-

377 4087 518 4194 ginem
538 4085 578 4165 &
595 4083 772 4191 Legatos
789 4077 982 4185 vehebat,
1000 4079 1243 4196 tempestatis
1259 4075 1429 4168 turbidae
1445 4077 1593 4188 injurii
1610 4077 1660 4165 ad
1716 4083 1881 4173 arricum

378 4193 491 4276 littus
516 4186 675 4302 adpulsa
693 4190 772 4291 est,
790 4189 862 4274 ubi
883 4188 1030 4302 vsinguli
1048 4216 1092 4273 ca
1123 4192 1305 4288 tivorum
1322 4193 1365 4273 in
1382 4213 1542 4273 morem
1558 4185 1728 4289 detenti,
1752 4187 1881 4274 donec

376 4296 663 4398 ValdemaruS,
679 4301 771 4386 Rex
790 4300 952 4408 Daniae,
971 4218 1133 4386 subdola
1152 4321 1248 4384 cum
1264 4303 1420 4412 Magno
1437 4299 1552 4410 Rege
1569 4299 1717 4386 Sveciae
1732 4313 1881 4413 egerat,

418 4415 431 4438 ¹'
1084 4437 1087 4444 .
1286 4437 1294 4446 .
1326 4437 1331 4444 -
1370 4437 1375 4448 ,
1607 4437 1614 4444 .
1690 4437 1697 4446 .
1757 4432 1769 4442 .
1812 4422 1882 4505 ut,
